@Article{Resnick_2009,
  author  = {Resnick, Mitchel and Maloney, John and Monroy-Hern\'{a}ndez, Andr{\'e}s and Rusk, Natalie and Eastmond, Evelyn and Brennan, Karen and Millner, Amon and Rosenbaum, Eric and Silver, Jay and Silverman, Brian and Kafai, Yasmin},
  title   = {Scratch: Programming for All},
  journal = {Communications of the ACM},
  year    = {2009},
  volume  = {52},
  number  = {11},
  pages   = {60--67},
}

@Article{Wing_2006,
  author={Wing, Jeannette M},
  title={Computational thinking},
  journal={Communications of the ACM},
  volume={49},
  number={3},
  pages={33--35},
  year={2006},
  publisher={ACM New York, NY, USA}
}

@Article{Moreno_2015,
  author = {Moreno-Le{\'o}n, Jes{\'u}s and Robles, Gregorio and Rom{\'a}n-Gonz{\'a}lez, Marcos},
  title = {Dr. Scratch: Automatic analysis of scratch projects to assess and foster computational thinking},
  journal = {RED. Revista de Educaci{\'o}n a Distancia},
  volume = {15},
  number = {46},
  pages = {1--23},
  year = {2015},
  publisher = {Universidad de Murcia}
}

@article{Ando_2021,
    author="安東 亮汰 and 伊原 彰紀",
    title="コンピュテーショナル・シンキング・スコアに基づくScratchユーザの習熟度到達予測",
    journal="情報処理学会論文誌",
    year="2022",
    month="04",
    volume="63",
    number="4",
    pages="928-937",
}

@Article{Weintrop_2017,
  author  = {Weintrop, David and Wilensky, Uri},
  title   = {Comparing Block-Based and Text-Based Programming in High School Computer Science Classrooms},
  journal = {Transactions on Computing Education},
  year    = {2017},
  volume  = {18},
  number  = {1},
  pages   = {1--25},
}

@InProceedings{Yang_2015,
  author = {Yang, Seungwon and Domeniconi, Carlotta and Revelle, Matt and Sweeney, Mack and Gelman, Ben U. and Beckley, Chris and Johri, Aditya},
  booktitle = {Proceedings of the 2nd Conference on Learning @ Scale},
  title = {Uncovering Trajectories of Informal Learning in Large Online Communities of Creators},
  year = {2015},
  pages = {131--140},
}

@Article{Troiano_2019,
  title={Is My Game OK Dr. Scratch?: Exploring Programming and Computational Thinking Development via Metrics in Student-Designed Serious Games for STEM},
  author={G. Troiano and Sam Snodgrass and Erin\UTF{00E7} Argimak and G. Robles and Gillian Smith and M. Cassidy and Eli Tucker-Raymond and G. Puttick and Casper Harteveld},
  journal={Proceedings of the 18th International Conference on Interaction Design and Children },
  year={2019},
  pages={208-219}
}  

@Article{Breiman_2001,
  title={Random forests},
  author={Breiman, Leo},
  journal={Machine learning},
  volume={45},
  number={1},
  pages={5--32},
  year={2001},
  publisher={Springer}
}

@article{Mann1947OnAT,
  title={On a Test of Whether one of Two Random Variables is Stochastically Larger than the Other},
  author={Henry B. Mann and Douglas R. Whitney},
  journal={Annals of Mathematical Statistics},
  year={1947},
  volume={18},
  pages={50-60}
}

@Article{Tantithamthavorn_2019,
	author={Tantithamthavorn, Chakkrit and McIntosh, Shane and Hassan, Ahmed E. and Matsumoto, Kenichi},   
	title={The Impact of Automated Parameter Optimization on Defect Prediction Models}, 
	journal={IEEE Transactions on Software Engineering},
	year={2019},
	volume={45},
	number={7},
	pages={683-711}
}

@article{spfa,
author = {Resnick, Mitchel and Maloney, John and Monroy-Hern\'{a}ndez, Andr\'{e}s and Rusk, Natalie and Eastmond, Evelyn and Brennan, Karen and Millner, Amon and Rosenbaum, Eric and Silver, Jay and Silverman, Brian and Kafai, Yasmin},
title = {Scratch: programming for all},
year = {2009},
publisher = {Association for Computing Machinery},
volume = {52},
number = {11},
journal = {Commun. ACM},
month = {nov},
pages = {60–67},
numpages = {8}
}

@InProceedings{Dasgupta_2016,
  author    = {Dasgupta, Sayamindu and Hale, William and Monroy-Hern\'{a}ndez, Andr{\'e}s and Hill, Benjamin Mako},
  title     = {Remixing As a Pathway to Computational Thinking},
  booktitle = {Proceedings of the 19th Conference on Computer-Supported Cooperative Work \& Social Computing},
  year={2016},
  pages={1438--1449},
}